
@book{advances2021,
	title = {Advances in Statistics - Theory and Applications: Honoring the Contributions of Barry C. Arnold in Statistical Science},
	editor = {Ghosh, Indranil and Balakrishnan, N. and Ng, Hon Keung Tony},
	year = {2021},
	date = {2021},
	publisher = {Springer International Publishing},
	series = {Emerging Topics in Statistics and Biostatistics},
	doi = {10.1007/978-3-030-62900-7},
	url = {http://link.springer.com/10.1007/978-3-030-62900-7},
	note = {DOI: 10.1007/978-3-030-62900-7},
	address = {Cham},
	langid = {en}
}

@book{pishro-nik2014,
	title = {Introduction to probability, statistics, and random processes},
	author = {Pishro-Nik, Hossein},
	year = {2014},
	date = {2014},
	publisher = {Kappa Research, LLC Blue Bell, PA, USA}
}

@book{larsen2005,
	title = {An introduction to mathematical statistics},
	author = {Larsen, Richard J and Marx, Morris L},
	year = {2005},
	date = {2005},
	publisher = {Prentice Hall Hoboken, NJ}
}

@book{casella2024,
	title = {Statistical inference},
	author = {Casella, George and Berger, Roger},
	year = {2024},
	publisher = {CRC Press}
}

@misc{tao,
	title = {The strong law of large number},
	author = {Tao, Terry},
	year = {2008},
	url = {https://terrytao.wordpress.com/2008/06/18/the-strong-law-of-large-numbers/}
}

@misc{derivati,
	title = {Derivation of t distribution density},
	year = {2014},
	url = {https://math.stackexchange.com/questions/474733/derivation-of-the-density-function-of-student-t-distribution-from-this-big-integ}
}
