
@article{chen1987,
	title = {Exact confidence bounds for an exponential parameter under hybrid censoring},
	author = {Chen, Shu-Mei and Bhattacharyya, Gouri},
	year = {1987},
	date = {1987},
	journal = {Communications in Statistics-Theory and Methods},
	pages = {2429--2442},
	volume = {16},
	number = {8},
	note = {Publisher: Taylor & Francis}
}

@article{balakrishnan2013,
	title = {Hybrid censoring: Models, inferential results and applications},
	author = {Balakrishnan, N and Kundu, Debasis},
	year = {2013},
	date = {2013},
	journal = {Computational Statistics & Data Analysis},
	pages = {166--209},
	volume = {57},
	number = {1},
	note = {Publisher: Elsevier}
}
